@article{Perdew,
  title = {Self-interaction correction to density-functional approximations for many-electron systems},
  author = {Perdew, J. P. and Zunger, Alex},
  journal = {Phys. Rev. B},
  volume = {23},
  issue = {10},
  pages = {5048--5079},
  numpages = {0},
  year = {1981},
  month = {May},
  publisher = {American Physical Society},
  doi = {10.1103/PhysRevB.23.5048},
  url = {https://link.aps.org/doi/10.1103/PhysRevB.23.5048}
}

@article{Metropolis,
author={Metropolis, N. and Rosenbluth, A. W. and Rosenbluth, M. N. and Teller, A. H. and Teller, E.},
title={{Equation of State Calculations by Fast Computing Machines}},
journal={J. Chem. Phys.},
volume={21},
number={6},
pages={1087-1092},
year={2004},
month={December},
issn={0021-9606},
doi={10.1063/1.1699114},
url={https://doi.org/10.1063/1.1699114}}
